@book{book1,
  author = {Brown, Joe and Christmas, Joe},
  title = {Introduction to Physics},
  year = {2020},
  publisher = {New Publishers},
  address = {New York},
  edition = {2nd},
  isbn = {978-2-2453-9858-6},
  keywords = {Physics, Science},
  language = {English},
  note = {A comprehensive guide to introductory physics.}
}

@book{book2,
  author = {Johnson, Mary},
  title = {The Art of Cooking},
  year = {2018},
  publisher = {Culinary Press},
  address = {Paris},
  edition = {Revised},
  isbn = {978-3-0456-9975-0},
  keywords = {Cooking, Recipes},
  language = {French},
  note = {A collection of delicious recipes and culinary techniques.}
}

@book{book3,
  author = {Garcia, Carlos},
  title = {Programming Fundamentals},
  year = {2022},
  publisher = {Tech Books},
  address = {San Francisco},
  edition = {1st},
  isbn = {978-1-5155-6535-2},
  keywords = {Programming, Computer Science},
  language = {English},
  note = {An introduction to programming concepts and languages.}
}